<?xml version="1.0" encoding="UTF-8"?><collection xmlns="http://www.loc.gov/MARC21/slim"><record><leader>00444nam--2200145-i-4500</leader><controlfield tag="001">000020273</controlfield><controlfield tag="002">20161230</controlfield><controlfield tag="005">20161230201033</controlfield><controlfield tag="008">060222s1000------------r-----000-0-eng-d</controlfield><datafield ind1=" " ind2=" " tag="080"><subfield code="a">519.71:681.326(061.3)</subfield></datafield><datafield ind1=" " ind2=" " tag="245"><subfield code="a">Feedback control of linear and nonlinear system</subfield></datafield><datafield ind1=" " ind2=" " tag="260"><subfield code="a">Berlin, Springer-verla, 1982.  Xiii + 284 P</subfield></datafield><datafield ind1=" " ind2=" " tag="490"><subfield code="a">Lecture Notes In Control And Information Science</subfield></datafield><datafield ind1=" " ind2=" " tag="700"><subfield code="a">Hinrichsen, D. And Isidori, A</subfield></datafield><datafield ind1=" " ind2=" " tag="852"><subfield code="a">71966</subfield></datafield></record></collection>